@ARTICLE{4712496, 
author={Dong Hyuk Woo and Lee, H.-H.S.}, 
journal={Computer}, title={Extending Amdahl's Law for Energy-Efficient Computing in the Many-Core Era}, 
year={2008}, 
month={dec. }, 
volume={41}, 
number={12}, 
pages={24 -31}, 
keywords={Analytical models;Computer architecture;Concurrent computing;Energy consumption;Energy efficiency;Moore's Law;Multicore processing;Parallel programming;Program processors;Scalability;integrated circuit design;microprocessor chips;power aware computing;Amdahl's analytical model;energy-efficient computing;many-core design alternatives;modern design constraints;computer architecture modeling;computer systems organization;multiprocessors;processor architectures;}, 
doi={10.1109/MC.2008.494}, 
ISSN={0018-9162},}

@article{Hill:2008:ALM:1449375.1449387,
 author = {Hill, Mark D. and Marty, Michael R.},
 title = {Amdahl's Law in the Multicore Era},
 journal = {Computer},
 issue_date = {July 2008},
 volume = {41},
 number = {7},
 month = jul,
 year = {2008},
 issn = {0018-9162},
 pages = {33--38},
 numpages = {6},
 url = {http://dx.doi.org/10.1109/MC.2008.209},
 doi = {10.1109/MC.2008.209},
 acmid = {1449387},
 publisher = {IEEE Computer Society Press},
 address = {Los Alamitos, CA, USA},
 keywords = {Amdahl's law, Amdahl's law, multicore chips, chip multiprocessors (CMPs), chip multiprocessors (CMPs), multicore chips},
} 

@article{Yao:2009:EAL:1639562.1639571,
 author = {Yao, Erlin and Bao, Yungang and Tan, Guangming and Chen, Mingyu},
 title = {Extending Amdahl's law in the multicore era},
 journal = {SIGMETRICS Perform. Eval. Rev.},
 issue_date = {September 2009},
 volume = {37},
 number = {2},
 month = oct,
 year = {2009},
 issn = {0163-5999},
 pages = {24--26},
 numpages = {3},
 url = {http://doi.acm.org/10.1145/1639562.1639571},
 doi = {10.1145/1639562.1639571},
 acmid = {1639571},
 publisher = {ACM},
 address = {New York, NY, USA},
} 

@article{Sun:2010:RAL:1687875.1688079,
 author = {Sun, Xian-He and Chen, Yong},
 title = {Reevaluating Amdahl's law in the multicore era},
 journal = {J. Parallel Distrib. Comput.},
 issue_date = {February, 2010},
 volume = {70},
 number = {2},
 month = feb,
 year = {2010},
 issn = {0743-7315},
 pages = {183--188},
 numpages = {6},
 url = {http://dx.doi.org/10.1016/j.jpdc.2009.05.002},
 doi = {10.1016/j.jpdc.2009.05.002},
 acmid = {1688079},
 publisher = {Academic Press, Inc.},
 address = {Orlando, FL, USA},
 keywords = {Memory wall, Multicore architecture, Scalability, Scalable computing},
} 